@TechReport{Reflecting_Sunlight_2021,
 author		= {{National Academies of Sciences, Engineering, and Medicine}},
 title		= {Reflecting Sunlight: Recommendations for Solar Geoengineering Research and Research Governance},
 institution	= {The National Academies Press},
 address	= {Washington, DC},
 pages		= 328,
 doi		= {10.17226/25762},
 year		= 2021
}

